%YAML 1.1
%TAG !u! tag:unity3d.com,2011:
--- !u!1 &5481311356611847812
GameObject:
  m_ObjectHideFlags: 0
  m_CorrespondingSourceObject: {fileID: 0}
  m_PrefabInstance: {fileID: 0}
  m_PrefabAsset: {fileID: 0}
  serializedVersion: 6
  m_Component:
  - component: {fileID: 5481311356612114368}
  - component: {fileID: 5481311356610768656}
  - component: {fileID: 5481311356610139522}
  - component: {fileID: 5481311357218844952}
  - component: {fileID: 5481311357218844951}
  - component: {fileID: 8809569816267507527}
  m_Layer: 12
  m_Name: Missil_06
  m_TagString: Untagged
  m_Icon: {fileID: 0}
  m_NavMeshLayer: 0
  m_StaticEditorFlags: 0
  m_IsActive: 1
--- !u!4 &5481311356612114368
Transform:
  m_ObjectHideFlags: 0
  m_CorrespondingSourceObject: {fileID: 0}
  m_PrefabInstance: {fileID: 0}
  m_PrefabAsset: {fileID: 0}
  m_GameObject: {fileID: 5481311356611847812}
  m_LocalRotation: {x: 0, y: 0, z: 0, w: 1}
  m_LocalPosition: {x: 4.8232794, y: 11.784682, z: -17.661102}
  m_LocalScale: {x: 0.34288, y: 0.34288, z: 0.34288}
  m_Children:
  - {fileID: 6845127116320899081}
  m_Father: {fileID: 0}
  m_RootOrder: 0
  m_LocalEulerAnglesHint: {x: 0, y: 0, z: 0}
--- !u!33 &5481311356610768656
MeshFilter:
  m_ObjectHideFlags: 0
  m_CorrespondingSourceObject: {fileID: 0}
  m_PrefabInstance: {fileID: 0}
  m_PrefabAsset: {fileID: 0}
  m_GameObject: {fileID: 5481311356611847812}
  m_Mesh: {fileID: 4300002, guid: a90544ebf3b75f448b7c5050d823ee4d, type: 3}
--- !u!23 &5481311356610139522
MeshRenderer:
  m_ObjectHideFlags: 0
  m_CorrespondingSourceObject: {fileID: 0}
  m_PrefabInstance: {fileID: 0}
  m_PrefabAsset: {fileID: 0}
  m_GameObject: {fileID: 5481311356611847812}
  m_Enabled: 1
  m_CastShadows: 1
  m_ReceiveShadows: 1
  m_DynamicOccludee: 1
  m_MotionVectors: 1
  m_LightProbeUsage: 1
  m_ReflectionProbeUsage: 1
  m_RenderingLayerMask: 1
  m_RendererPriority: 0
  m_Materials:
  - {fileID: 2100000, guid: 3b62b7f6cf83b444a9efcdf896d83ffe, type: 2}
  m_StaticBatchInfo:
    firstSubMesh: 0
    subMeshCount: 0
  m_StaticBatchRoot: {fileID: 0}
  m_ProbeAnchor: {fileID: 0}
  m_LightProbeVolumeOverride: {fileID: 0}
  m_ScaleInLightmap: 1
  m_PreserveUVs: 0
  m_IgnoreNormalsForChartDetection: 0
  m_ImportantGI: 0
  m_StitchLightmapSeams: 0
  m_SelectedEditorRenderState: 3
  m_MinimumChartSize: 4
  m_AutoUVMaxDistance: 0.5
  m_AutoUVMaxAngle: 89
  m_LightmapParameters: {fileID: 0}
  m_SortingLayerID: 0
  m_SortingLayer: 0
  m_SortingOrder: 0
--- !u!54 &5481311357218844952
Rigidbody:
  m_ObjectHideFlags: 0
  m_CorrespondingSourceObject: {fileID: 0}
  m_PrefabInstance: {fileID: 0}
  m_PrefabAsset: {fileID: 0}
  m_GameObject: {fileID: 5481311356611847812}
  serializedVersion: 2
  m_Mass: 1
  m_Drag: 0
  m_AngularDrag: 0.05
  m_UseGravity: 0
  m_IsKinematic: 0
  m_Interpolate: 0
  m_Constraints: 0
  m_CollisionDetection: 0
--- !u!114 &5481311357218844951
MonoBehaviour:
  m_ObjectHideFlags: 0
  m_CorrespondingSourceObject: {fileID: 0}
  m_PrefabInstance: {fileID: 0}
  m_PrefabAsset: {fileID: 0}
  m_GameObject: {fileID: 5481311356611847812}
  m_Enabled: 1
  m_EditorHideFlags: 0
  m_Script: {fileID: 11500000, guid: 591db314419bebc41aa5b87da920fd96, type: 3}
  m_Name: 
  m_EditorClassIdentifier: 
  explosionRadius: 10
  explosionEffect: {fileID: 140400, guid: f66e014454bdeb942944471c5e19da6c, type: 3}
--- !u!65 &8809569816267507527
BoxCollider:
  m_ObjectHideFlags: 0
  m_CorrespondingSourceObject: {fileID: 0}
  m_PrefabInstance: {fileID: 0}
  m_PrefabAsset: {fileID: 0}
  m_GameObject: {fileID: 5481311356611847812}
  m_Material: {fileID: 0}
  m_IsTrigger: 1
  m_Enabled: 1
  serializedVersion: 2
  m_Size: {x: 1.2964965, y: 4.49, z: 4.721874}
  m_Center: {x: 0.001081556, y: -1.93, z: 0.27990672}
--- !u!1001 &6840885407846093185
PrefabInstance:
  m_ObjectHideFlags: 0
  serializedVersion: 2
  m_Modification:
    m_TransformParent: {fileID: 5481311356612114368}
    m_Modifications:
    - target: {fileID: 1048550648207452, guid: bc42e33df8ad9d14cba646735d12f85d, type: 3}
      propertyPath: m_Name
      value: Smoke
      objectReference: {fileID: 0}
    - target: {fileID: 1048550648207452, guid: bc42e33df8ad9d14cba646735d12f85d, type: 3}
      propertyPath: m_Layer
      value: 12
      objectReference: {fileID: 0}
    - target: {fileID: 4912415173136776, guid: bc42e33df8ad9d14cba646735d12f85d, type: 3}
      propertyPath: m_LocalPosition.x
      value: 0
      objectReference: {fileID: 0}
    - target: {fileID: 4912415173136776, guid: bc42e33df8ad9d14cba646735d12f85d, type: 3}
      propertyPath: m_LocalPosition.y
      value: 0
      objectReference: {fileID: 0}
    - target: {fileID: 4912415173136776, guid: bc42e33df8ad9d14cba646735d12f85d, type: 3}
      propertyPath: m_LocalPosition.z
      value: -2.88
      objectReference: {fileID: 0}
    - target: {fileID: 4912415173136776, guid: bc42e33df8ad9d14cba646735d12f85d, type: 3}
      propertyPath: m_LocalRotation.x
      value: -0.7071068
      objectReference: {fileID: 0}
    - target: {fileID: 4912415173136776, guid: bc42e33df8ad9d14cba646735d12f85d, type: 3}
      propertyPath: m_LocalRotation.y
      value: -0
      objectReference: {fileID: 0}
    - target: {fileID: 4912415173136776, guid: bc42e33df8ad9d14cba646735d12f85d, type: 3}
      propertyPath: m_LocalRotation.z
      value: -0
      objectReference: {fileID: 0}
    - target: {fileID: 4912415173136776, guid: bc42e33df8ad9d14cba646735d12f85d, type: 3}
      propertyPath: m_LocalRotation.w
      value: 0.7071068
      objectReference: {fileID: 0}
    - target: {fileID: 4912415173136776, guid: bc42e33df8ad9d14cba646735d12f85d, type: 3}
      propertyPath: m_RootOrder
      value: 0
      objectReference: {fileID: 0}
    - target: {fileID: 4912415173136776, guid: bc42e33df8ad9d14cba646735d12f85d, type: 3}
      propertyPath: m_LocalEulerAnglesHint.x
      value: 0
      objectReference: {fileID: 0}
    - target: {fileID: 4912415173136776, guid: bc42e33df8ad9d14cba646735d12f85d, type: 3}
      propertyPath: m_LocalEulerAnglesHint.y
      value: 0
      objectReference: {fileID: 0}
    - target: {fileID: 4912415173136776, guid: bc42e33df8ad9d14cba646735d12f85d, type: 3}
      propertyPath: m_LocalEulerAnglesHint.z
      value: 0
      objectReference: {fileID: 0}
    - target: {fileID: 4912415173136776, guid: bc42e33df8ad9d14cba646735d12f85d, type: 3}
      propertyPath: m_LocalScale.x
      value: 0.34307918
      objectReference: {fileID: 0}
    - target: {fileID: 4912415173136776, guid: bc42e33df8ad9d14cba646735d12f85d, type: 3}
      propertyPath: m_LocalScale.y
      value: 0.34307948
      objectReference: {fileID: 0}
    - target: {fileID: 4912415173136776, guid: bc42e33df8ad9d14cba646735d12f85d, type: 3}
      propertyPath: m_LocalScale.z
      value: 0.28589958
      objectReference: {fileID: 0}
    m_RemovedComponents: []
  m_SourcePrefab: {fileID: 100100000, guid: bc42e33df8ad9d14cba646735d12f85d, type: 3}
--- !u!4 &6845127116320899081 stripped
Transform:
  m_CorrespondingSourceObject: {fileID: 4912415173136776, guid: bc42e33df8ad9d14cba646735d12f85d,
    type: 3}
  m_PrefabInstance: {fileID: 6840885407846093185}
  m_PrefabAsset: {fileID: 0}
